  @misc{ enwiki:1115969544,
    author = "{Wikipedia contributors}",
    title = "Conway's Game of Life --- {Wikipedia}{,} The Free Encyclopedia",
    year = "2022",
    howpublished = "\url{https://en.wikipedia.org/w/index.php?title=Conway%27s_Game_of_Life&oldid=1115969544}",
    note = "[Online; accessed 27-October-2022]"
  }
  
  @incollection{rendell2002turing,
  title={Turing universality of the game of life},
  author={Rendell, Paul},
  booktitle={Collision-based computing},
  pages={513--539},
  year={2002},
  publisher={Springer}
}
